1612 2662
310 249 349 271 22
711 240 843 264 nusum
868 237 1040 260 VOCABULA

744 340 772 372 3.
800 347 842 351 —
857 329 942 360 Voc.
960 333 985 366 ἑ,
1003 331 1025 357 1.

353 424 376 455 I.
396 423 443 454 De
457 422 509 454 lat.
529 419 689 453 vocabulis
709 428 715 447 ε
736 417 924 461 «capillum,
941 415 1073 458 capillos.
1101 426 1115 443 »

353 484 463 523 Facile,
485 484 515 515 in
536 491 641 515 nostra
659 481 757 524 prisca
779 479 898 522 lingua,
922 477 1147 510 discernuntur
1163 475 1297 512 formae,
1314 482 1395 516 quae
1411 482 1449 503 ex

311 533 486 566 accusativo
506 543 590 570 casu,
611 542 692 573 quae
717 541 732 561 e
759 527 960 560 nominativo
984 536 1072 559 ortae
1097 534 1183 562 sunt,
1213 533 1349 566 quarum
1374 519 1448 553 alias

309 582 437 624 gallicus
462 591 579 619 sermo,
617 579 750 610 rusticus
779 576 852 608 alias
882 575 1038 620 posterius
1062 573 1239 616 usurpavit.
1274 571 1319 602 Ita
1345 569 1444 608 litut,

310 629 444 673 exempli
461 629 571 671 gratia,
592 626 694 659 verbis
715 637 795 669 quae
816 637 832 657 e
851 625 955 657 latinis
976 633 1045 656 orta
1067 631 1142 655 sunt
1163 618 1396 663 exemplaribus
1414 618 1447 650 in

313 680 363 711 -1'lc
377 676 593 710 desinentibus
609 676 656 708 usi
678 676 743 707 sint
763 673 928 717 oppidani,
954 673 985 704 in
1005 672 1080 711 -ilis‚
1106 671 1171 702 -ilcs
1191 669 1298 702 rustici
1322 666 1449 710 (confer

311 727 416 759 courlil
440 738 512 758 curn
537 722 724 766 c‹m7’tie1m·);
755 721 906 766 oppidani
940 722 971 753 in
1003 720 1107 759 -ellns,
1135 719 1228 758 -cllos,
1255 716 1394 759 denique
1416 715 1448 747 in

314 776 404 814 -illos,
421 775 526 806 rustici
542 774 573 805 in
593 773 714 811 —ellum,
733 771 870 814 denique
887 771 919 802 in
938 770 1053 802 -1'll1m1,

358 825 396 856 A.
421 823 590 862 Quantum
615 820 652 854 ad
667 820 816 863 gallicum
832 828 949 862 spectat
965 830 1073 857 usum,

731 894 860 938 capillus
878 903 907 924 ->
927 893 1044 926 chevels.

359 966 401 998 Ex
417 973 613 997 consonante
628 963 650 1002 l,
665 974 761 1006 quam
777 973 790 993 s
807 961 909 993 littera
926 960 1082 1003 sequitur,
1098 968 1132 990 ut
1150 970 1220 990 mos
1236 956 1343 989 medio
1359 967 1450 995 aevo,

317 1014 351 1046 fit
365 1013 479 1046 vocalis
496 1026 525 1045 u.
546 1011 622 1044 Inde
641 1021 648 1041 1

578 1077 703 1110 chevels
728 1089 757 1109 -›
781 1077 928 1109 cheveus.

361 1147 394 1178 B.
422 1147 591 1184 Quantum
612 1144 650 1176 ad
667 1144 832 1176 rusticum.

580 1210 729 1254 capillum
754 1221 784 1241 ->
804 1208 924 1241 clievel.

363 1282 459 1325 Lapsa
479 1281 552 1314 inde
568 1290 763 1313 consonante
784 1281 806 1319 l,

582 1351 689 1384 clievel
710 1362 739 1381 —>
759 1350 872 1390 clieve;

320 1424 380 1463 vel,
405 1433 439 1456 ut
464 1423 636 1455 accuratius
661 1422 720 1464 legi
752 1421 978 1465 obsequamur,
1003 1432 1077 1464 qua,
1099 1431 1171 1452 cum
1201 1419 1313 1462 gallico
1342 1419 1454 1451 initiali

320 1484 401 1505 sono
414 1484 442 1511 e,
462 1472 479 1503 lc
493 1472 720 1504 normannicus
740 1471 900 1512 congruit,

582 1541 679 1574 cheve
701 1553 729 1573 -›
749 1541 828 1580 lcum

322 1612 472 1656 denique,
488 1612 713 1645 assimilatione
728 1612 922 1653 (consonans
935 1611 951 1642 lc
969 1620 1040 1643 ante
1057 1610 1192 1642 litteram
1206 1622 1224 1642 v
1239 1609 1276 1642 ad
1287 1621 1308 1651 g
1326 1608 1456 1652 transit)

739 1682 819 1715 *keve
833 1701 862 1721 ..)
882 1681 939 1724 gv?
952 1681 1035 1724 (13).

366 1758 502 1790 Videtur
515 1757 706 1790 vocabulum
719 1756 784 1800 ι911ιῆ
795 1756 958 1800 (velgvzi‘),
973 1769 1045 1789 cum
1061 1756 1262 1798 singulariter
1273 1766 1456 1799 usurpatur,

324 1811 362 1843 ab
391 1811 560 1854 exemplari
582 1810 717 1855 pendere
749 1810 939 1850 formarum,
966 1809 1094 1853 quibus,
1122 1809 1280 1852 plurativo
1306 1820 1455 1849 numero,

325 1859 496 1892 utebantur
516 1860 634 1892 rustici.
656 1860 739 1892 Haec
755 1858 902 1891 anomala
916 1870 976 1891 vox
991 1858 1051 1890 hoc
1063 1868 1164 1901 potest
1181 1858 1354 1901 explanari,
1368 1857 1455 1901 quod

325 1909 447 1951 saepius
462 1908 492 1941 id
511 1908 701 1941 vocabulum
717 1907 878 1951 pluraliter
892 1918 988 1951 quam
1004 1907 1205 1949 singulariter
1219 1906 1387 1950 profertur.

617 2017 905 2043 TOPOGRAPHICA
928 2016 1159 2043 DISTRIBU'I'IO

793 2089 919 2111 TABULA
949 2090 982 2121 13

372 2151 510 2182 Pertinet
522 2149 623 2182 forma
631 2148 696 2191 gvi*
708 2149 745 2182 ad
759 2149 951 2182 occidentale
968 2151 1105 2192 regionis
1121 2150 1212 2182 latus.
1232 2150 1405 2190 Praeterea,
1421 2150 1459 2182 ab

328 2198 404 2231 urbe
420 2198 638 2242 proficiscitur,
661 2199 701 2230 ita
720 2208 766 2237 ut,
789 2210 842 2241 per
863 2198 1050 2231 meridianas
1071 2209 1184 2241 partes,
1207 2198 1243 2231 ad
1260 2198 1458 2231 occidentem

329 2258 435 2279 rursus
455 2259 485 2279 se
502 2247 639 2289 recipiat.
