1612 2647
351 240 364 271 3
372 239 388 261 2
749 234 882 257 RUSTICA
906 233 1076 256 VOCABULA

393 314 426 341 2⁰
442 307 520 339 Voc.
537 313 551 338 ῶ
564 305 735 348 libera—ku
771 315 778 321 ³
799 308 833 337 όιι
849 304 949 348 (apud
961 305 1128 348 scriptores
1141 302 1323 336 duodecimi
1337 302 1483 346 saeculi).

391 355 481 388 Illam
502 355 654 387 nolumus
680 355 811 386 scrutari
835 353 1090 397 diphthongum,
1115 365 1177 396 qua
1197 352 1311 395 specie,
1335 363 1390 395 per
1407 363 1485 395 quas

349 404 590 436 immutationes
615 414 716 446 usque
738 401 774 434 ad
795 402 945 445 gallicum
975 414 1071 435 usum
1097 402 1286 445 pervenerit.
1314 401 1367 434 Sat
1397 401 1487 433 enim

349 452 440 485 nobis
465 453 522 484 erit
541 463 609 484 eam
627 451 752 491 dixisse,
771 460 879 484 nostra
900 451 932 483 in
949 452 1091 493 regione,
1112 451 1144 482 in
1161 461 1279 482 sonum
1294 462 1315 481 u
1334 459 1485 482 extenua-

349 510 414 533 tam
431 512 506 534 esse.

392 550 446 582 Ex.
465 549 564 593 gratia
584 559 590 578 :

699 596 823 630 nodum
843 607 872 627 ->
893 609 946 636 ητα
963 596 1023 629 mdc
1036 595 1128 639 (24).

391 685 516 719 Vocalis
540 698 564 718 a?
585 695 702 729 aperta,
733 686 764 717 in
791 685 946 718 vocabulo
971 684 1027 725 γαῖ’,
1053 685 1182 728 propior
1203 684 1317 727 gallico
1344 685 1485 717 sermoni

347 733 472 767 videtur
488 746 564 774 esse,
583 743 618 766 ut
639 745 719 777 quae
737 734 938 767 manifestam
953 733 1061 766 reddat
1079 735 1250 772 rationem,
1269 744 1335 776 quo
1361 742 1452 776 pacto
1469 744 1486 766 e

348 783 448 826 prisco
463 785 498 815 όιι
517 782 667 826 oppidani
683 781 721 814 ad
739 782 932 815 hodiernum
948 782 984 822 11²⁷,
1003 794 1056 826 per
1072 781 1301 814 intermedium
1319 785 1363 814 (ὶἬ
1379 781 1429 825 (-)
1447 781 1487 825 (ὲ)

347 832 544 871 transierint;
576 843 657 874 quae
688 841 821 875 possunt
857 831 992 864 conferri
1025 843 1097 864 cum
1127 832 1175 870 iis,
1207 842 1288 874 quae
1325 830 1416 870 infra,
1448 829 1486 863 de

347 879 502 912 vocabulo
520 892 534 909 «
551 879 658 912 focum
680 893 694 910 »
714 879 868 913 dicemus.

639 1038 932 1065 TOPOGRAPHICA
953 1039 1188 1065 DISTRIBUTIO

815 1135 938 1157 TABULA
966 1135 1006 1166 24

390 1213 503 1252 Pollet,
526 1222 592 1245 tota
608 1214 749 1256 regione,
760 1225 858 1246 sonus
876 1226 908 1246 u.

965 1381 1017 1412 24.
1042 1389 1080 1393 —
1101 1370 1234 1403 Nffidum.

1031 1437 1099 1477 Nu,
1121 1437 1181 1469 nuk

1085 1498 1178 1542 (Vid.
1199 1511 1231 1541 4,
1251 1499 1275 1531 1.
1295 1505 1328 1531 2⁰
1341 1510 1371 1541 p.
1392 1497 1464 1542 32.)
