1612 2662
594 218 782 241 PROOEMIUM
1253 220 1267 252 3

170 289 343 332 Fingamus
363 290 460 332 igitur
477 302 535 323 nos
550 291 672 323 circiter
688 290 824 323 ducenta
846 291 918 323 talia
936 290 1088 324 vocabula
1102 292 1167 323 sive
1186 291 1270 334 plio—

126 339 232 378 netici,
251 339 317 371 sive
337 338 532 381 lexicologici
555 341 691 381 generis,
720 353 755 372 ex
777 340 885 382 aliquo
910 350 995 372 certo
1013 341 1151 383 regionis
1168 341 1270 384 spatio

124 388 375 429 congregavisse,
400 387 430 420 id
455 398 501 421 est
518 400 631 421 omnes
652 390 736 421 vicos
759 390 965 429 circumiisse,
988 390 1041 432 qui
1066 390 1096 421 in
1119 402 1157 421 eo
1179 401 1271 421 com-

125 435 364 479 prehentlantur
385 438 500 480 spatio,
533 437 684 471 vocabula
713 437 851 481 denique
879 437 1048 479 diligenter
1071 448 1100 470 et
1129 448 1270 470 accurate

123 485 397 525 animadvertisse,
425 498 490 530 quo
515 486 613 519 modo
637 499 703 520 sese
724 487 875 526 habeant;
901 487 977 530 quid
997 487 1135 531 amplius
1158 486 1195 520 de
1220 487 1271 519 illa

125 533 356 567 vocabulorum
374 536 463 579 copia
479 535 491 567 ?

169 583 297 623 Adhuc,
337 596 442 616 rerum
470 594 601 617 naturae
634 584 877 628 inquisitoribus
903 585 1035 624 similes,
1076 584 1270 618 documenta

125 632 227 665 multa
246 633 404 676 proletarii
420 635 577 666 sermonis
594 635 781 666 miscuimus
798 643 827 666 et
850 635 881 666 in
904 646 1006 666 unum
1027 635 1202 675 coegimus.

168 682 263 714 Nunc
284 681 369 721 inde,
397 682 560 726 quoddam
585 695 703 715 munus
727 693 757 715 ct
785 682 927 715 officium
951 693 996 715 est
1021 683 1194 726 reliquum,
1221 692 1269 722 ut,

125 742 238 763 eorum
261 731 371 771 instar,
393 732 448 775 qui
471 731 593 764 tabellis
616 741 770 764 terrarum
795 733 874 764 situs
901 733 1051 775 pingunt,
1080 742 1188 765 nostra
1213 732 1270 774 ipsi

125 779 279 813 vocabula
305 779 421 813 tabulis
450 780 654 820 mandemus,
681 793 817 824 quarum
849 782 897 812 via
917 791 946 813 et
971 791 1049 820 arte,
1074 782 1097 813 si
1122 782 1193 824 quis
1221 792 1270 812 eas

125 829 225 862 oculis
244 841 424 872 percurrere
440 830 528 870 velit,
551 831 660 862 statim
680 831 863 862 rusticitatis
886 831 984 862 varias
1001 829 1120 862 videbit
1141 829 1269 871 figuras,

124 877 241 922 quibus
283 878 404 921 legibus
448 878 626 912 secundum
660 891 803 922 quasque
845 879 945 911 totius
987 879 1124 921 regionis
1168 888 1272 921 partes

125 926 370 960 distribuantur.

169 976 310 1009 Huiusce
325 976 414 1009 modi
430 976 552 1009 tabulas
572 976 651 1009 insra
665 989 885 1020 proponemus
901 976 1167 1018 dialectologicas,
1191 988 1271 1019 quae

124 1024 161 1058 ad
175 1025 337 1069 quandam
350 1036 467 1059 certam
489 1027 710 1059 Normanniae
729 1025 892 1058 Inferioris
912 1026 1075 1067 regionem
1096 1026 1268 1068 pertinent,

125 1086 181 1107 nec
202 1087 272 1108 earn
291 1074 469 1108 admodum
493 1075 647 1119 amplam,
674 1074 803 1118 quibus,
826 1085 944 1118 postea,
973 1075 1150 1106 vicinarum
1170 1075 1271 1116 regio-

126 1136 206 1157 num
243 1136 342 1156 novas
376 1124 450 1156 alias
476 1125 607 1166 iungere
636 1124 848 1163 intendimus,
870 1125 911 1155 ita
939 1132 974 1155 ut
1002 1132 1128 1166 tempus
1150 1124 1269 1163 veniat,

128 1185 201 1206 cum
223 1174 323 1206 totius
349 1174 499 1217 pristinae
521 1174 702 1216 provinciae
723 1173 969 1216 descriptionem
989 1172 1105 1204 chartis
1128 1171 1270 1204 eiusdem

126 1223 250 1265 generis
271 1222 497 1255 committendi
515 1222 602 1255 locus
624 1222 716 1254 nobis
736 1223 794 1254 erit
809 1231 839 1254 et
858 1221 998 1254 facultas.

171 1271 283 1314 Igitur,
305 1284 359 1313 eos
383 1272 437 1315 qui
466 1271 540 1304 haec
561 1271 689 1303 volvere
710 1271 819 1303 volent
842 1270 1050 1302 veliementer
1069 1281 1210 1309 oramus,
1233 1281 1271 1302 ne

126 1319 202 1364 quid
231 1319 316 1352 aliud
343 1321 375 1353 in
406 1321 442 1352 iis
475 1321 533 1352 nisi
562 1319 714 1363 quasdam
750 1331 858 1362 parvas
879 1328 1070 1362 truncasque
1104 1318 1270 1361 particulas

127 1370 307 1413 exquirant,
327 1369 446 1402 nedum
463 1381 625 1402 summam
646 1370 744 1411 ipsam
766 1368 930 1411 amplioris
949 1376 1129 1410 exspectent
1154 1367 1270 1410 operis,

126 1417 213 1462 quod
247 1418 436 1461 profitemur
471 1431 529 1450 nos
563 1417 735 1461 aliquando
761 1417 966 1460 perfecturos,
994 1417 1017 1448 si
1046 1415 1158 1448 saltem
1189 1425 1272 1448 aetas

125 1468 199 1499 satis
214 1467 307 1510 longa
324 1466 416 1499 nobis
428 1466 630 1499 concedatur.

171 1516 255 1548 Huic
285 1526 411 1548 nostrae
442 1516 563 1558 regioni
594 1528 607 1544 «
636 1514 919 1558 septentrioimlem
946 1513 1139 1555 Cathomagi
1168 1513 1269 1555 regio-

128 1577 202 1597 nem
225 1578 240 1595 »
264 1564 378 1598 addere
395 1577 516 1597 nomen
537 1565 778 1603 constituimus,
798 1575 878 1606 quae
904 1562 969 1595 duo
990 1572 1020 1594 et
1037 1562 1272 1606 quinquaginta

139 1615 232 1647 vicos
245 1614 480 1657 complectitur,
516 1614 599 1645 inter
628 1612 748 1645 Urbem
777 1612 1017 1654 Cathomagum
1052 1621 1148 1654 atque
1180 1622 1268 1643 oram

127 1664 324 1695 maritimam
343 1663 543 1695 interiacens.

170 1709 215 1741 Ut
240 1709 415 1740 accuratius
440 1707 624 1751 loquamur,
653 1718 721 1750 pars
742 1718 775 1738 ea
797 1715 953 1737 terrarum
972 1703 1010 1736 ad
1037 1705 1272 1747 septentriones

126 1756 219 1790 litore
240 1757 353 1797 maris3
370 1756 408 1789 acl
430 1755 598 1789 meridiem
623 1755 681 1788 lata
700 1755 751 1786 illa
767 1755 828 1794 via,
851 1766 904 1798 per
918 1753 1160 1795 Catliomagum
1181 1763 1272 1785 tran-

125 1815 251 1846 seunte,
273 1817 335 1850 qua
362 1805 564 1838 dextrorsum
592 1804 630 1836 ad
656 1804 803 1843 Parisios,
833 1804 1056 1835 sinistrorsum
1084 1801 1122 1834 ad
1141 1812 1271 1846 portum

126 1854 281 1887 vallatum
310 1855 376 1887 itur
390 1854 515 1897 (gallice
551 1867 556 1886 :
587 1866 601 1882 «
621 1852 812 1894 Cherbourg
831 1851 878 1894 n),
899 1850 936 1883 ad
956 1852 1114 1883 orientem
1136 1850 1272 1883 flumine

128 1916 143 1933 «
162 1904 254 1937 Orne
277 1917 310 1943 »;
334 1903 371 1936 ad
391 1903 591 1936 occidentem
605 1901 744 1945 denique
766 1902 834 1933 rivo
853 1913 867 1930 ‹<
891 1900 1012 1932 Seulles
1031 1912 1045 1929 ³>
1064 1899 1186 1932 finitur.

170 1953 371 1997 Sequuntur,
398 1952 510 1985 ordine
533 1952 724 1990 litterarum,
748 1962 837 1982 more
857 1949 971 1982 saltem
987 1948 1113 1991 gallico,
1138 1949 1271 1980 nomina

125 2003 284 2042 vicorum,
302 2013 384 2045 quos
397 2000 541 2045 quidem,
563 2001 595 2032 in
617 1999 668 2032 illa
690 2000 818 2041 regione
832 1999 921 2037 sitos,
938 1997 1200 2041 perlustravimus
1217 2010 1223 2029 2

169 2051 310 2091 Amblie,
329 2052 520 2093 Anguerny,
542 2050 657 2091 Anisy,
677 2048 810 2087 Authie,
828 2047 931 2089 Basly,
952 2045 1151 2086 Benouville,
1168 2046 1272 2088 Be'ny-

124 2101 279 2140 sur-Mer,
325 2098 657 2137 Bernieres-sur-Mer,
707 2096 860 2136 Beuville,
907 2095 1049 2133 Bieville‚
1090 2094 1267 2134 Blainville,

126 2149 236 2191 Brecy,
259 2146 721 2190 Bretteville-l'Orgueilleuse,
751 2146 883 2184 Cairon,
913 2144 1062 2183 Cambes,
1087 2143 1269 2176 Colleville-

126 2198 304 2237 sur-Ome,
337 2195 716 2239 Colomby-sur-Thaom
744 2193 936 2231 Conlombs,
978 2192 1270 2225 Courseulles-sur—

130 2247 212 2287 Mer,
242 2245 455 2285 Couvrechet,
488 2246 688 2283 Cresserons,
721 2243 864 2285 Creully,
896 2242 1006 2284 Cully,
1037 2242 1195 2280 Douvres,
1228 2241 1270 2273 La
