1612 2662
533 469 901 510 PROOEMIUM

184 721 284 763 Quod
305 723 329 755 si
354 723 404 755 cui
435 723 467 754 in
487 722 633 754 animum
653 723 774 754 venerit
796 721 914 765 aliquid
935 721 973 754 de
998 721 1123 762 studiis,
1148 734 1229 765 quae
1245 720 1283 754 ad

138 783 323 805 sermonem
345 780 500 814 agrestem
516 772 688 815 pertinent,
708 770 866 811 indagare,
890 771 972 803 liaud
995 781 1098 814 potest
1119 771 1185 804 fieri
1203 772 1281 814 quin

139 820 191 853 ille
218 820 307 854 facile
325 820 489 860 concedat,
518 831 552 853 ut
576 820 670 863 longe
697 820 756 852 alia
783 821 904 852 ratione
929 819 1085 853 hodierno
1108 820 1158 853 die
1188 830 1283 863 atque

140 879 232 903 antea
251 870 489 913 intellegantur.

182 918 376 952 Iamdudum
403 920 504 958 enim,
524 919 549 951 si
571 930 652 962 quos
682 918 833 957 urbanos,
855 917 937 950 bello
974 930 1048 950 sane
1077 928 1106 950 et
1137 918 1282 950 humano

139 969 270 1011 ingenio
288 978 431 1007 ornatos,
458 968 544 1000 nulla
566 979 642 1000 vero
660 967 826 1000 subtiliore
847 967 1011 1010 disciplina
1029 967 1183 1007 eruditos,
1209 977 1278 999 tum

139 1018 217 1057 otia,
247 1027 317 1050 tum
341 1017 437 1050 officii
462 1030 581 1050 munus
606 1027 659 1049 aut
689 1016 852 1060 inpelleret
881 1027 933 1048 aut
957 1018 1052 1048 etiam
1079 1026 1216 1058 cogeret,
1246 1025 1280 1048 ut

139 1067 237 1099 vitam
254 1078 328 1099 cum
349 1067 473 1099 rusticis
489 1065 639 1108 degerent
659 1075 689 1098 et
706 1077 818 1097 eorum
842 1066 871 1096 in
890 1064 1102 1097 finniliaritate
1120 1076 1281 1097 versaren-

139 1125 202 1156 tur,
221 1116 285 1148 cito
301 1127 339 1148 eo
364 1115 604 1148 adducebantur
621 1125 655 1147 ut
676 1114 966 1146 animadverterent
993 1126 1058 1157 quo
1078 1115 1160 1146 miro
1182 1113 1281 1146 modo

139 1165 275 1198 rusticus
295 1164 347 1197 ille
369 1177 475 1197 sermo
493 1174 588 1207 atque
614 1163 811 1207 oppidanum
841 1163 964 1195 dicendi
990 1175 1091 1205 genus
1113 1164 1195 1195 inter
1216 1175 1282 1195 sese

140 1213 364 1257 discreparent.

185 1265 231 1296 Ita
258 1263 293 1296 fit
319 1273 355 1295 ut
382 1264 415 1295 in
436 1262 502 1295 dies
527 1262 564 1295 ad
585 1262 634 1294 illa
661 1261 856 1294 observanda
885 1261 1068 1293 discrimina
1096 1261 1282 1293 attentiores

139 1311 223 1352 facti,
269 1312 391 1344 nullam
441 1313 731 1356 praetermitterent
780 1310 935 1353 plebeiam
978 1310 1090 1342 litteris
1131 1309 1282 1342 mandare

139 1373 264 1394 vocem.

185 1409 309 1443 Deinde
336 1420 496 1442 crescente
524 1409 579 1441 illo
607 1408 850 1447 vocabulorum,
882 1418 915 1440 ut
945 1409 986 1440 ita
1011 1407 1127 1445 dicam,
1156 1419 1279 1445 acervo,

140 1460 240 1492 nostri
261 1459 444 1492 rusticitatis
469 1468 638 1497 amatores,
659 1470 731 1490 cum
753 1458 830 1489 mira
851 1456 981 1500 quidam
1003 1455 1175 1499 cupiditate
1191 1455 1283 1488 arde-

140 1518 222 1548 rent,
247 1518 282 1541 ut
303 1507 406 1540 eidem
426 1518 455 1540 et
478 1509 645 1550 scriptores
665 1506 857 1545 dicerentur,
883 1507 976 1538 eitius
997 1505 1168 1544 tardiusve,
1191 1506 1280 1537 omni

140 1558 271 1590 materia
288 1557 418 1590 tandem
439 1557 596 1598 colligata,
622 1569 635 1584 α
659 1555 848 1598 glossarium
882 1570 894 1581 v»
917 1554 1092 1598 quodpiam
1119 1555 1150 1586 in
1169 1554 1283 1595 vulgus

139 1606 341 1639 emittebant.
376 1607 516 1638 Minimo
541 1616 648 1638 tamen
681 1606 746 1636 iure
775 1605 970 1647 putavissent
998 1603 1068 1635 illos
1097 1614 1281 1646 quanquam

139 1655 273 1698 grandes
291 1666 322 1688 et
340 1656 545 1699 gravissimos
567 1654 728 1686 doctrinae
749 1665 941 1696 magnopere
963 1651 1116 1695 profuisse
1141 1651 1249 1691 libros,
1267 1664 1282 1684 e

140 1704 257 1748 quibus
276 1716 307 1737 re
319 1716 391 1737 vera
408 1716 535 1747 parvam
552 1715 675 1747 caperes
692 1703 876 1741 utilitatem,
895 1713 969 1734 eum
987 1702 1022 1733 iis
1045 1700 1131 1733 nulla
1147 1700 1283 1733 vocabu-

140 1754 260 1794 lorum,
288 1753 375 1786 nulla
400 1753 510 1786 saltem
538 1765 618 1796 quae
639 1752 825 1784 auctoritate
851 1751 964 1790 valeat,
987 1751 1063 1782 insit
1087 1749 1280 1793 explanatio,

141 1803 228 1836 nulla
243 1812 326 1836 certa
342 1814 449 1835 rerum
466 1801 662 1840 distributio,
684 1800 764 1833 ordo
786 1799 904 1832 nullus.

183 1853 279 1885 Nunc
297 1864 373 1885 vero
390 1852 484 1894 longe
498 1851 533 1883 fit
547 1850 647 1882 aliter.

185 1900 372 1934 Commodo
392 1912 467 1933 sane
480 1898 683 1933 studentibus
700 1899 757 1931 erit
776 1897 892 1941 quibus
913 1907 943 1929 et
959 1896 1105 1940 qualibus
1123 1895 1284 1929 vocabulis

141 1950 173 1983 in
197 1949 339 1994 quodam
371 1960 457 1983 certo
484 1950 554 1981 vico
584 1949 691 1980 rustici
715 1956 847 1979 utantur
870 1946 962 1990 plane
988 1946 1195 1988 cognovisse;
1229 1944 1283 1978 sed

141 2008 269 2043 oportet
285 2000 395 2039 etiam,
418 2010 483 2042 quo
499 1998 593 2030 finito
612 1997 754 2040 regionis
770 1996 884 2038 spatio,
906 1995 1101 2027 nominatim
1118 2004 1148 2027 et
1167 1994 1283 2038 quibus

141 2059 213 2080 vere
229 2049 304 2081 vicis
320 2047 431 2081 eadem
450 2056 646 2090 usurpentur
658 2045 811 2078 vocabula
828 2044 1020 2088 perquirere.

186 2097 251 2129 Alii
266 2098 353 2129 enim
370 2097 429 2129 vici
446 2095 677 2129 vocabulorum
696 2093 901 2138 quorundam
922 2105 1018 2125 usum
1039 2092 1192 2125 adhibent
1206 2093 1283 2125 coti-

141 2145 294 2187 dianum,
309 2146 360 2179 alii
375 2157 450 2178 vero
467 2145 560 2177 aliam
577 2143 702 2177 dicendi
719 2141 1000 2181 consuetudinem,
1015 2154 1072 2174 nec
1083 2142 1195 2174 vicinis
1211 2142 1285 2185 ipsis

143 2195 317 2239 cognitam,
337 2195 395 2238 ipsi
412 2193 588 2226 vindicant.

219 2279 333 2302 GuERttx
351 2286 382 2300 De
400 2279 479 2301 Geta.
493 2292 523 2295 —
543 2278 605 2300 These
618 2278 692 2299 latine.
1198 2281 1206 2296 x
