1612 2662
560 231 769 255 PHONOLOGIA
1203 232 1238 265 35

143 304 195 337 111.
220 307 270 336 De
294 317 308 333 «
327 307 527 337 refractione
547 319 560 335 »
585 311 829 340 normannicae
844 311 973 340 vocalis
989 321 1015 340 ι).
1037 328 1074 331 -
1093 309 1186 348 Quae
1203 310 1243 341 sit

99 353 151 386 illa
169 367 184 384 «
203 353 348 386 refractio
373 367 386 383 »
407 353 543 387 breviter
559 356 756 398 explanatur.

143 403 206 436 Lex
223 403 286 441 illa,
304 402 341 436 de
358 415 420 447 qna
435 403 557 447 (Kaput
574 405 628 443 Ill,
653 414 693 445 1¹¹,
713 406 765 447 2¹¹)
781 418 965 439 sermonem
984 406 1185 445 habebimus,
1205 405 1242 440 ad

97 463 231 485 omnem
257 452 320 485 fere
341 453 496 485 rusticum
514 465 711 491 sermonem,
738 454 828 487 lirma
845 467 878 488 ac
909 465 1071 499 perpetua,
1099 455 1242 488 adhiberi

98 511 213 545 potest,
240 501 300 534 late
324 511 446 545 patens,
472 514 570 545 quam
599 515 613 531 «
639 504 826 547 emphaseos
850 514 945 537 »et«
983 504 1189 537 distentionis
1213 510 1241 534 »¹

97 550 199 593 legem
216 549 318 583 dicere
335 550 536 583 audebimus.

143 599 190 632 De
217 611 278 643 qua
307 600 373 642 lege
397 601 459 632 iam
485 600 559 632 alias
587 599 795 634 dissernimus
818 601 908 644 (vide
941 615 946 634 :
979 603 1016 635 Is
1038 603 1140 646 parler
1157 609 1245 646 popu-

98 648 174 681 laire
191 648 267 681 dans
282 649 312 681 la
328 661 479 682 commmw
497 650 531 681 [lc
557 649 669 689 Thoan,
690 662 718 693 p.
736 661 778 691 70
798 654 898 694 sqq).

145 697 215 730 Hoc
236 699 268 730 in
285 697 356 730 loco
377 708 505 731 tantuin
528 698 620 731 nobis
640 709 685 731 est
707 701 909 743 propositum
930 712 1110 733 memorare
1129 699 1247 744 quibus

101 758 173 780 vere
194 748 287 780 variis
307 747 592 780 immutationibus
608 761 624 780 e
645 749 779 791 pristino
798 762 879 782 sono
893 749 930 782 ad
950 751 1102 783 rusticum
1123 761 1246 782 novum

101 807 219 829 sonum
234 797 405 829 transitum
427 798 478 829 sit.

147 845 210 878 Cui
228 846 443 890 explanationi
467 845 561 878 index
581 845 734 878 adicietur
753 846 944 886 formarum,
965 860 1043 891 quas
1059 846 1248 880 testificandi

103 894 196 928 nobis
210 894 281 927 data
297 904 343 927 est
364 894 506 927 facultas.

148 943 258 976 Primo
286 943 377 976 nobis
402 943 582 976 notandum
604 954 662 983 est,
687 944 768 983 illos,
792 955 827 977 ut
855 946 895 978 ita
919 945 1074 985 dicamus,
1097 945 1247 989 phoneti-

103 1004 155 1026 cos
174 1002 283 1026 motus
302 993 396 1036 longe
417 993 554 1036 amplius
570 1005 666 1037 quam
691 993 884 1037 quibusdam
906 994 973 1027 aliis
997 996 1026 1027 in
1044 994 1247 1037 legionibus,

104 1052 212 1074 nostra
229 1042 261 1074 in
284 1043 414 1085 regione
432 1043 563 1085 porrigi,

147 1091 354 1134 Plerumque,
372 1091 472 1130 enim,
487 1101 618 1124 naturae
632 1103 665 1123 ac
683 1092 794 1124 virtuti
807 1091 1025 1125 antecedentis
1040 1093 1250 1125 consonantis

104 1140 124 1172 ii
141 1141 212 1172 soni
229 1139 329 1173 subici
352 1139 515 1172 videntur.

149 1189 262 1229 Porro,
280 1201 353 1222 cum
370 1189 528 1233 plerisque
545 1189 576 1221 in
594 1189 669 1221 locis
682 1189 788 1222 nullus
803 1189 1024 1222 huiuscemodi
1042 1202 1141 1223 sonus
1156 1190 1250 1230 adsit,

105 1238 195 1271 nullo
211 1238 323 1271 saltem
338 1237 544 1282 praecedente
568 1237 670 1270 labiali
692 1249 903 1277 consonante,
928 1239 1025 1281 vulgo
1045 1239 1252 1272 contenditur

105 1287 197 1320 illum
222 1299 340 1320 sonum
359 1300 376 1320 a
399 1287 517 1319 labialis
539 1288 778 1330 propinquitate
798 1299 889 1320 suam
919 1288 1017 1331 ipsam
1042 1299 1159 1321 certam
1185 1289 1250 1321 vim

106 1337 246 1369 traxisse.

149 1385 195 1418 Ibi
220 1397 296 1418 vero
317 1385 353 1417 fit
373 1385 474 1418 aliter.

149 1436 224 1468 Non
244 1435 351 1468 solum
378 1435 464 1466 enim
485 1446 584 1466 sonus
604 1434 655 1466 ille
678 1444 748 1477 post
771 1433 896 1467 labiales
917 1435 1048 1475 litteras,
1077 1435 1131 1468 sed
1156 1437 1252 1468 etiam

105 1494 177 1528 post
196 1493 227 1516 et
247 1483 388 1516 dentales
404 1493 434 1516 et
452 1483 604 1526 palatinas
625 1493 655 1515 et
678 1482 841 1515 sibilantes
862 1484 1054 1517 ostenditur.
1079 1486 1254 1529 Quaprop-

105 1542 152 1565 ter
177 1532 269 1565 nobis
290 1544 430 1575 aequum
452 1531 579 1564 videtur
604 1531 689 1563 illam
711 1544 867 1564 sonorum
890 1533 1074 1565 varietatem
1099 1534 1129 1565 in
1151 1546 1183 1566 se
1201 1546 1254 1576 per

104 1594 201 1625 seque
223 1581 490 1620 animadvertere,
519 1582 655 1623 seposita
679 1582 769 1612 omni
796 1581 1012 1614 antecedentis
1042 1584 1253 1615 consonantis

106 1632 286 1674 propinqua
301 1631 506 1673 contagione.

151 1680 293 1719 Quaevis
309 1691 371 1711 vox
390 1691 405 1711 0
426 1691 572 1717 romana,
592 1679 657 1710 sive
684 1690 719 1710 ex
744 1678 843 1710 latino
866 1686 880 1711 ti
897 1680 928 1711 in
947 1680 1120 1722 positione,
1143 1692 1198 1713 seu
1218 1693 1255 1713 ex

108 1728 208 1762 latino
229 1734 247 1760 12
270 1729 404 1768 oriatur,
430 1728 526 1760 talem
548 1726 743 1771 quandoque
768 1728 887 1770 patitur
909 1727 1114 1771 phoneticam
1132 1728 1255 1762 disten-

109 1778 246 1818 tionem,
266 1787 303 1811 ut
316 1777 353 1810 ad
372 1778 530 1820 praecipui
545 1777 615 1809 soni
634 1776 715 1808 latus
731 1775 889 1820 quaedam
907 1778 1048 1817 tenuior,
1061 1779 1256 1822 assumptiva

110 1839 172 1860 vox
186 1827 288 1860 alatur
303 1836 333 1859 et
349 1826 519 1865 adolescat,
542 1837 623 1868 quae
644 1826 749 1868 primo
766 1824 852 1858 idem
868 1837 901 1858 ac
918 1827 1098 1870 principalis
1115 1828 1179 1870 ipsa
1195 1840 1257 1860 vox

109 1885 213 1909 sonat.

154 1924 250 1958 Unde
269 1937 275 1956 1
293 1936 333 1957 00.

154 1973 279 2006 Deinde
295 1973 362 2005 fieri
379 1982 483 2017 potest
504 1982 539 2004 ut
558 1971 757 2004 adventicius
782 1971 833 2004 ille
849 1984 948 2005 sonus
966 1973 1043 2016 ipse,
1062 1972 1122 2016 legi
1139 1985 1258 2007 conve-

110 2024 247 2062 nienter,
265 2018 304 2055 ex'
315 2033 329 2054 0
344 2021 451 2054 clauso
469 2020 506 2053 ad
522 2033 541 2052 -u
560 2031 710 2053 transeat.

161 2224 187 2246 1.
215 2213 406 2246 Germanice
438 2222 444 2241 2
475 2224 489 2240 «
519 2210 738 2252 Zerdehnung
770 2223 798 2243 ³).
824 2210 904 2243 Vide
934 2223 939 2243 z
973 2211 1079 2244 Oskar
1106 2213 1258 2254 Brenner,

113 2263 308 2296 Mundarten
329 2264 359 2294 u.
380 2260 634 2304 Sclniftspraclie
656 2261 686 2291 in
708 2260 840 2302 Bayern.
860 2259 1026 2302 ssambcrg.
1055 2262 1148 2302 1890.
